<?xml version="1.0" encoding="UTF-8"?><record xmlns="http://www.loc.gov/MARC21/slim" xmlns:cinclude="http://apache.org/cocoon/include/1.0" xmlns:zs="http://www.loc.gov/zing/srw/">
  <leader>00538nz  a2200133n  4500</leader>
  <controlfield tag="001">no2015085873</controlfield>
  <controlfield tag="003">DLC</controlfield>
  <controlfield tag="005">20150630105043.0</controlfield>
  <controlfield tag="008">150629n| azannaabn          |n aaa     c</controlfield>
  <datafield tag="010" ind1=" " ind2=" ">
    <subfield code="a">no2015085873</subfield>
  </datafield>
  <datafield tag="035" ind1=" " ind2=" ">
    <subfield code="a">(OCoLC)oca10205438</subfield>
  </datafield>
  <datafield tag="040" ind1=" " ind2=" ">
    <subfield code="a">InU</subfield>
    <subfield code="b">eng</subfield>
    <subfield code="e">rda</subfield>
    <subfield code="c">InU</subfield>
  </datafield>
  <datafield tag="100" ind1="1" ind2=" ">
    <subfield code="a">Scorsetti, Daniel H.</subfield>
  </datafield>
  <datafield tag="670" ind1=" " ind2=" ">
    <subfield code="a">Stem cells in ophthalmology, 2015:</subfield>
    <subfield code="b">title page (Daniel H. Scorsetti, MD, PhD) page iii (Chairman and Professor of Ophthalmology, Director, Board of Ophthalmology, School of Medicine, USAL; Cheif of Cornea, CEOS, Buenos Aires, Argentina)</subfield>
  </datafield>
</record>